@article{MateiBaras12,
title = "Consensus-based linear distributed filtering",
journal = "Automatica",
volume = "48",
number = "8",
pages = "1776 - 1782",
year = "2012",
note = "",
issn = "",
doi = "",
url = "",
author = "Ion Matei and John S. Baras",
keywords = "Distributed filtering",
keywords = "Consensus",
keywords = "Sensor networks"
}




@inproceedings{SpanosOlfatiMurray05,
  added-at = {2012-04-11T20:16:20.000+0200},
  author = {{Spanos}, D. and { Olfati-Saber}, R. and {Murray}, R.M.},
  biburl = {},
  booktitle = {The 16th IFAC World Congress, Prague, Czech},
  groups = {public},
  interhash = {0ed1d673e35cbe08cfdca615e3a877d9},
  intrahash = {bb759bcf0fdd0bbb7c9c12aa9e799e74},
  keywords = {jabref:noKeywordAssigned},
  timestamp = {2012-04-11T20:16:20.000+0200},
  title = {Dynamic Consensus on Mobile Networks},
  username = {jabreftest},
  year = 2005
}

