@misc{iosdeveloper,
  title = {Conceptodefinicion.de. ¿Qué es iOS? - Su Definición, Concepto y Significado:},
  howpublished = {[online] Disponible en: \url{http://conceptodefinicion.de/ios/}},
  note = {Accesado: 2016-03-10}
}

@online{WinNT,
  author = {Gartner, Inc.},
  title = {{MS Windows NT} Kernel Description},
  year = 1999,
  url = {http://www.gartner.com/newsroom/id/2623415},
  urldate = {2010-09-30}
}

@misc{mercado_drone,
  title = {Los drones, un mercado con gran potencial en el ámbito corporativo y en el canal},
  howpublished = {[online] Disponible en: \url{http://www.itreseller.es/distribucion/2016/09/los-drones-un-mercado-con-gran-potencial-en-el-ambito-corporativo\\
  -y-en-el-canall}},
  note = {Accesado: 2016-011-15}
}

@misc{mercadolaboral_drone,
  title = {Los drones, a la conquista del mercado laboral},
  howpublished = {[online] Disponible en: \url{https://cincodias.elpais.com/cincodias/2016/05/16/sentidos/1463396852_332900.html}},
  note = {Accesado: 2016-05-20}
}

@misc{emergencias_drone,
  title = {Los drones ayudan en la mejora de la eficiencia en situaciones de emergencia.},
  howpublished = {[online] Disponible en: \url{http://www2.ual.es/drones/servicios/rescate-emergencias-y-desastres-naturales/}},
  note = {Accesado: 2016-05-20}
}

@misc{desastres_drone,
  title = {Los drones pueden ser útiles en caso de desastres.},
  howpublished = {[online] Disponible en: \url{http://www.sophimania.pe/tecnologia/gadgets-wearables-e-innovacion/los-drones-pueden-ser-utiles-en-caso-de-desastres/}},
  note = {Accesado: 2016-05-20}
}

@misc{forbes_emergencias_drone,
  title = {How Drones Are Changing Humanitarian Disaster Response.},
  howpublished = {[online] Disponible en: \url{https://www.forbes.com/sites/kalevleetaru/2015/11/09/how-drones-are-changing-humanitarian-disaster-response/#69d79e88310c}},
  note = {Accesado: 2016-05-20}
}

@misc{ambulancia_emergencias_drone,
  title = {When every second counts. First aid with quadrocopters.},
  howpublished = {[online] Disponible en: \url{https://www.microdrones.com/en/applications/growth-markets/first-aid-with-quadrocopters/}},
  note = {Accesado: 2017-07-18}
}

@misc{mercancia_drone,
  title = {¿Drones para transportar mercancía? Es posible.},
  howpublished = {[online] Disponible en: \url{http://www.dronplanet.com/drones-para-transportar-mercancia-es-posible/}},
  note = {Accesado: 2016-05-20}
}

@misc{repartircorreo_drone,
  title = {UPS y DHL Alemania: Drones voladores para repartir el correo.},
  howpublished = {[online] Disponible en: \url{http://dineroclub.net/ups-alemania-drones-voladores-para-repartir-el-correo-alvarodabril/}},
  note = {Accesado: 2016-05-20}
}

@misc{camiony_drone,
  title = {Las empresas de transporte insisten en un futuro con drones: UPS monta uno en sus camiones.},
  howpublished = {[online] Disponible en: \url{https://www.xataka.com/drones/las-empresas-de-transporte-insisten-en-un-futuro-con-drones-ups-\\
  monta-uno-en-sus-camiones}},
  note = {Accesado: 2016-05-20}
}

@misc{transpersonas_drone,
  title = {The Ehang 184 personal autonomous passenger drone is hoping to change transport.},
  howpublished = {[online] Disponible en: \url{http://www.news.com.au/technology/innovation/design/the-ehang-184-personal-autonomous-passenger-drone-is-hoping-to-\\
  change-transport/news-story/3b9339951cef212fab0614c5e0853907}},
  note = {Accesado: 2016-05-20}
}

@misc{agricultura_drone,
  title = {Los drones son los nuevos 'ojos' de los científicos de la agricultura.},
  howpublished = {[online] Disponible en: \url{http://www.eltiempo.com/vida/ciencia/drones-usados-en-la-agricultura-39867}},
  note = {Accesado: 2016-05-20}
}

@misc{cultivos_drone,
  title = {El uso de drones en agricultura.},
  howpublished = {[online] Disponible en: \url{http://www.todrone.com/uso-drones-agricultura/}},
  note = {Accesado: 2016-05-20}
}

@misc{gestionverdes_drone,
  title = {Sando inicia un estudio de investigación para gestionar zonas verdes mediante drones.},
  howpublished = {[online] Disponible en: \url{http://www.elmundo.es/andalucia/2017/01/31/5890d22046163f92728b4620.html}},
  note = {Accesado: 2016-05-20}
}

@misc{queesBluetooth4,
  title = {¿Qué es y cómo funciona el sistema Bluetooth?.},
  howpublished = {[online] Disponible en: \url{http://etecnologia.com/gadgets/funcionamiento-bluetooth}},
  note = {Accesado: 2016-02-17}
}

@misc{wifidirectvsbluetooth,
  title = {Wi-Fi Direct vs. Bluetooth 4.0: A Battle for Supremacy.},
  howpublished = {[online] Disponible en: \url{http://www.pcworld.com/article/208778/Wi_Fi_Direct_vs_Bluetooth_4_0_A_Battle_for_Supremacy.html}},
  note = {Accesado: 2016-02-17}
}

@misc{whatisBluetooth4,
  title = {What is Bluetooth 4.0?.},
  howpublished = {[online] Disponible en: \url{https://www.laptopmag.com/articles/just-what-is-bluetooth-4-0-anyway}},
  note = {Accesado: 2016-02-17}
}

%https://www.xataka.com/otros/bluetooth-40-que-podemos-esperar
%https://www.330ohms.com/blogs/blog/que-es-el-bluetooth

@misc{drone_microdrones,
  title = {Unmanned applied solutions.},
  howpublished = {[online] Disponible en: \url{https://www.microdrones.com/en/applications/}},
  note = {Accesado: 2016-05-20}
}

@misc{filmora_drone,
  title = {Drone Applications at Present and in the Future.},
  howpublished = {[online] Disponible en: \url{https://filmora.wondershare.com/drones/drone-applications-and-uses-in-future.html}},
  note = {Accesado: 2016-05-20}
}

@misc{mercanciann_drone,
  title = {Drone Applications at Present and in the Future.},
  howpublished = {[online] Disponible en: \url{https://filmora.wondershare.com/drones/drone-applications-and-uses-in-future.html}},
  note = {Accesado: 2016-05-20}
}

@misc{normaWifidirect,
  title = {Wi-Fi Direct.},
  howpublished = {[online] Disponible en: \url{http://www.wi-fi.org/discover-wi-fi/wi-fi-direct}},
  note = {Accesado: 2016-02-13}
}


@misc{ioshistoria,
  title = {Applesfera.com. La evolución de iOS desde sus orígenes: una carrera para ser el mejor sistema operativo móvil de la historia:},
  howpublished = {[online] Disponible en: \url{http://www.applesfera.com/ios/la-evolucion-de-ios-desde-sus-origenes-una-carrera-para-ser-el-\\
  mejor-sistema-operativo-movil-de-la-historia}},
  note = {Accesado: 2016-03-10}
}

@misc{iosdef,
  title = {Conceptodefinicion.de. ¿Qué es iOS? - Su Definición, Concepto y Significado:},
  howpublished = {[online] Disponible en: \url{http://conceptodefinicion.de/ios/}},
  note = {Accesado: 2016-03-10}
}

@misc{android,
  title = {Open Handset Alliance.com. Android Overview},
  howpublished = {[online] Disponible en: \url{http://www.openhandsetalliance.com/android_overview.html}},
  note = {Accesado: 2016-03-10}
}


@misc{gartner,
  title = {Gartner.com. Gartner Says Smartphone Sales Accounted for 55 Percent of Overall Mobile Phone Sales in Third Quarter of 2013},
  howpublished = {[online] Disponible en: \url{http://www.gartner.com/newsroom/id/2623415}},
  note = {Accesado: 2016-09-3}
}

@misc{sensormotion,
  title = {Developer.android.com. Sensors motion},
  howpublished = {[online] Disponible en: \url{https://developer.android.com/guide/topics/sensors/sensors_motion.html}},
  note = {Accesado: 2016-04-15}
}

@misc{connectivity,
  title = {Developer.android.com. Connectivity},
  howpublished = {[online] Disponible en: \url{https://developer.android.com/guide/topics/connectivity/index.html}},
  note = {Accesado: 2016-04-15}
}

@misc{wifidirect,
  title = {wi-fi.org. Wi-Fi Direct },
  howpublished = {[online] Disponible en: \url{http://www.wi-fi.org/discover-wi-fi/wi-fi-direct}},
  note = {Accesado: 2016-05-1}
}

@misc{sensoroverview,
  title = {Developer.android.com. Sensors Overview},
  howpublished = {[online] Disponible en: \url{https://developer.android.com/guide/topics/sensors/sensors_overview.html}},
  note = {Accesado: 2016-04-16}
}

@misc{apiandroi,
  title = {Developer.android.com. Package Index},
  howpublished = {[online] Disponible en: \url{https://developer.android.com/reference/packages.html}},
  note = {Accesado: 2016-04-20}
}

@misc{location,
  title = {Developer.android.com. Location Strategies},
  howpublished = {[online] Disponible en: \url{https://developer.android.com/guide/topics/location/strategies.html}},
  note = {Accesado: 2016-04-20}
}

@misc{redmovildef,
  title = {Areatecnologia.com. Telefonía móvil definición},
  howpublished = {[online] Disponible en: \url{http://www.areatecnologia.com/telefonia-movil.htm}},
  note = {Accesado: 2016-04-15}
}

@misc{redmovilgeneraciones,
  title = {Celulares.about.com. Que significan 1G 2G 3G y 4G},
  howpublished = {[online] Disponible en: \url{http://celulares.about.com/od/Preguntas_frecuentes/a/Que-Significan-1g-2g-3g-Y-4g.htm}},
  note = {Accesado: 2016-04-15}
}

@misc{usbmodos,
  title = {Developer.android.com. USB connectivity},
  howpublished = {[online] Disponible en: \url{https://developer.android.com/guide/topics/connectivity/usb/index.html}},
  note = {Accesado: 2016-04-20}
}

@misc{usbaccessory,
  title = {Developer.android.com. USB Accessory},
  howpublished = {[online] Disponible en: \url{https://developer.android.com/guide/topics/connectivity/usb/accessory.html  }},
  note = {Accesado: 2016-04-20}
}

@misc{usbhost,
  title = {Developer.android.com. USB Host},
  howpublished = {[online] Disponible en: \url{https://developer.android.com/guide/topics/connectivity/usb/host.html}},
  note = {Accesado: 2016-04-20}
}

@thesis{plataforma,
author = {GARCIA TÉLLEZ JONATHAN, OCHOA CALAMBÁS DIEGO FERNANDO},
title = {DESARROLLO DE UNA PLATAFORMA DE MONITORIZACIÓN, CONTROL Y COMUNICACIÓN CON TELÉFONOS INTELIGENTES, PARA LABORATORIOS PORTÁTILES DE SOPORTE AL ÁREA DE SEÑALES Y SISTEMAS},
institution = {UNIVERSIDAD DEL VALLE},
year = {2015}
}

@misc{nexus,
  title = {Lg.com. Lg Nexus 4},
  howpublished = {[online] Disponible en: \url{http://www.lg.com/es/telefonos-moviles/lg-Nexus-4-E960}},
  note = {Accesado: 2016-03-10}
}

@misc{dinamica+,
  title = {Aerobotclubderobticadeaeronuticos.blogspot.com.co. Introducción al cuadricoptero},
  howpublished = {[online] Disponible en: \url{http://aerobotclubderobticadeaeronuticos.blogspot.com.co/2012/01/introduccion-cuadricoptero.html}},
  note = {Accesado: 2015-010-20}
}

@misc{dinamicax,
  title = {Ablogs.msdn.microsoft.com. Como construir un drone con windows 10 iot},
  howpublished = {[online] Disponible en: \url{https://blogs.msdn.microsoft.com/esmsdn/2016/03/02/como-construir-un-drone-con-windows-10-iot/}},
  note = {Accesado: 2015-010-21}
}

@Book{filtros,
title = {SIGNAL PROCESSING FOR COMMUNICATIONS},
publisher = {CRC}, 
year = {2008}
}


@thesis{modeladoycontrolgarcia,
author = {LUIS SEVILLA FERNÁNDEZ},
title = {MODELADO Y CONTROL DE UN CUADRICóPTERO},
institution = {ESCUELA TÉCNICA SUPERIOR DE INGENIERÍA (ICAI)},
year = {2014}
}



@thesis{flightcontrollerx,
author = {KRISTIAN SLOTH LAUSZUS},
title = {Flight Controller for Quad Rotor Helicopter in X-configuration},
institution = {TECHNICAL UNIVERSITY OF DENMARK},
year = {2015}
}

@misc{modulohc05,
  title = {Bluetooth HC-05 y HC-06 Tutorial de configuración},
  howpublished = {[online] Disponible en: \url{https://www.geekfactory.mx/tutoriales/bluetooth-hc-05yhc-06-tutorial-de-configuracion/}},
  note = {Accesado: 2015-011-20}
}

@misc{erlerobotics,
  title = {Erlerobotics.gitbooks.io. LiPo Batteries},
  howpublished = {[online] Disponible en: \url{https://erlerobotics.gitbooks.io/erle-robotics-erle-copter/content/es/safety/lipo.html}},
  note = {Accesado: 2015-011-15}
}

@misc{fulchis,
  title = {Fulchis RC. Baterías LiPo: conceptos básicos y consejos de uso},
  howpublished = {[online] Disponible en: \url{http://fulchis.es/baterias-lipo/}},
  note = {Accesado: 2015-011-15}
}

@misc{arduinoboard,
  title = {Arduino. Arduino Mega ADK },
  howpublished = {[online] Disponible en: \url{https://www.arduino.cc/en/Main/ArduinoBoardMegaADK}},
  note = {Accesado: 2015-011-20}
}

@misc{atmega,
  title = {Atmel. Atmel ATmega640/V-1280/V-1281/V-2560/V-2561/V},
  howpublished = {[Archivo PDF] Disponible en: \url{http://www.atmel.com/Images/Atmel-2549-8-bit-AVR-Microcontroller-ATmega640-1280-1281-2560-2561_Summary.pdf}},
  note = {Accesado: 2015-011-20}
}

@misc{arduinoprod,
  title = {Arduino. Arduino Products},
  howpublished = {[online] Disponible en: \url{https://www.arduino.cc/en/Main/Products}},
  note = {Accesado: 2015-011-20}
}
@misc{googleadk,
  title = {Android Developers. Accessory Development Kit 2012 Guide},
  howpublished = {[online] Disponible en: \url{https://developer.android.com/adk/adk2.html#components}},
  note = {Accesado: 2015-011-20}
}
@misc{max3421,
  title = {Maxim integrated. MAX3421E USB Peripheral/Host Controller with SPI Interface },
  howpublished = {[Archivo PDF] Disponible en: \url{https://datasheets.maximintegrated.com/en/errata/Errata_MAX3421E.pdf}},
  note = {Accesado: 2015-011-15}
}

@thesis{modelamiento,
author = {Castillo, P. and Lozano, R.},
title = {STABILIZATION OF A MINI-ROTORCRAFT HAVING FOUR ROTORS},
institution = {INSTITUTO TECNOLÓGICO DE LA LAGUNA TORREÓN},
year = {2004}
}

@thesis{modelamientoPDAFC,
author = {Tamami, N. and Pitowarno, E. and Astawa, I.},
title = {PROPORTIONAL DERIVATIVE ACTIVE FORCE CONTROL FOR “X” CONFIGURATION QUADCOPTER},
institution = {ELECTRONICS ENGINEERING POLYTECHNIC INSTITUTE OF SURABAYA
				KAMPUS PENS, JALAN RAYA ITS, SUKOLILO, SURABAYA 60111, INDONESIA},
year = {2014}
}

@thesis{modelamientoNCQ,
author = {Voos, H.},
title = {NONLINEAR CONTROL OF A QUADROTOR MICRO-UAV USING FEEDBACK-LINEARIZATION},
institution = {UNIVERSITY OF APPLIED SCIENCES RAVENSBURG-WEINGARTEN},
year = {2007}
}

@thesis{controlmotores,
author = {Pico Viallalpando, A.},
title = {Diseño e implementación de un sistema de control para un cuadricóptero},
institution = {CENTRO DE INVESTIGACIÓN Y DE ESTUDIOS AVANZADOS DEL INSTITUTO POLITÉCNICO NACIONAL},
year = {2012}
}

@thesis{tesisseguimientoF,
author = {Alvarez, F.},
title = {Cuadricóptero dedicado al seguimiento autónomo de un dispositivo celular inteligente },
institution = {UNIVERSIDAD DEL VALLE},
year = {2017}
}


@article{simon2001kalman,
  title={Kalman filtering},
  author={Simon, Dan},
  journal={Embedded systems programming},
  volume={14},
  number={6},
  pages={72--79},
  year={2001}
}

@article{singhal2012kalman,
  title={Kalman filter implementation on an accelerometer sensor data for three state estimation of a dynamic system},
  author={Singhal, Toshak and Harit, Akshat and Vishwakarma, DN},
  journal={International Journal of Research in Engineering and Technology},
  volume={1},
  number={6},
  pages={330--334},
  year={2012}
}

@article{gonzalez2013real,
  title={Real-time attitude stabilization of a mini-uav quad-rotor using motor speed feedback},
  author={Gonz{\'a}lez, Iv{\'a}n and Salazar, Sergio and Torres, Jorge and Lozano, Rogelio and Romero, Hugo},
  journal={Journal of Intelligent \& Robotic Systems},
  volume={70},
  number={1-4},
  pages={93--106},
  year={2013},
  publisher={Springer}
}

@article{tayebi2006attitude,
  title={Attitude stabilization of a VTOL quadrotor aircraft},
  author={Tayebi, Abdelhamid and McGilvray, Stephen},
  journal={IEEE Transactions on control systems technology},
  volume={14},
  number={3},
  pages={562--571},
  year={2006},
  publisher={IEEE}
}

@article{tanveer2013stabilized,
  title={Stabilized controller design for attitude and altitude controlling of quad-rotor under diisturbance and noisy conditios},
  author={Tanveer, M Hassan and Hazry, D and Warsi, FA and Joyo, MK},
  journal={American Journal of Applied Sciences},
  volume={10},
  number={8},
  pages={819--831},
  year={2013},
  publisher={Science Publications}
}	

@article{controlofquadcopter1,
  title={Control of quadcopter},
  author={Pablo García Auñon},
  year={2015}

}	

@article{TheHelicopters,
  title={The Helicopters. The Epic of Flight. Chicago: Time-Life Books},
  author={Young, Warren R},
  year={1982}
}	

@misc{thehistory,
  title = {History of Quadcopters and other Multirotors},
  howpublished = {[online] Disponible en: \url{http://www.krossblade.com/history-of-quadcopters-and-multirotors/}},
  note = {Accesado: 2017-03-24}
}

@misc{usesdrone,
  title = {10 Incredibly interesting uses for Drones},
  howpublished = {[online] Disponible en: \url{https://dronebuff.com/uses-for-drones/}},
  note = {Accesado: 2017-03-24}
}

@misc{especificnexus,
  title = {Nexus tech specs - Nexus Help},
  howpublished = {[online] Disponible en: \url{https://support.google.com/nexus/answer/6102470?hl=en&ref_topic=3415518}},
  note = {Accesado: 2017-03-24}
}

@misc{smartphoneautomation,
  title = {Repurposing Old Smartphones for Home Automation },
  howpublished = {[online] Disponible en: \url{https://www.linux.com/news/repurposing-old-smartphones-home-automation}},
  note = {Accesado: 2017-03-24}
}

@misc{domoticasmarphone,
  title = {Domótica desde el smartphone},
  howpublished = {[online] Disponible en: \url{http://www.pisos.com/aldia/domotica-desde-el-smartphone/49848/}},
  note = {Accesado: 2017-03-24}
}

@misc{proyectotango1,
  title = {Con Project Tango, Google quiere que los móviles tengan ojos},
  howpublished = {[online] Disponible en: \url{http://www.enter.co/eventos/googleio/2015/con-project-tango-google-quiere-que-los-moviles-tengan-ojos/}},
  note = {Accesado: 2016-03-3}
}

@misc{proyectotango2,
  title = {El Proyecto Tango de Google despliega una nueva tecnología de creación de mapas},
  howpublished = {[online] Disponible en: \url{https://www.cnet.com/es/noticias/el-proyecto-tango-de-google-despliega-una-nueva-tecnologia-de-\\
  creacion-de-mapas/}},
  note = {Accesado: 2016-03-3}
}

@misc{mandosmartphone,
  title = {6 fun drones you can control with your smartphone},
  howpublished = {[online] Disponible en: \url{http://charged.io/drones-control-by-smartphone/}},
  note = {Accesado: 2017-03-24}
}

@misc{nextthings,
  title = {NEXT THINGS 2013 - NEXT SPACE — LABoral Centro de Arte y Creación Industrial},
  howpublished = {[online] Disponible en: \url{http://www.laboralcentrodearte.org/en/r/convocatorias/nextthings2013}},
  note = {Accesado: 2016-03-3}
}

@misc{flone,
  title = {flone - Una plataforma para que los smartphones puedan volar.},
  howpublished = {[online] Disponible en: \url{http://flone.cc}},
  note = {Accesado: 2016-03-3}
}

@misc{controlsmartphoneieee,
  title = {This Drone Uses a Smartphone for Eyes and a Brain},
  howpublished = {[online] Disponible en: \url{http://spectrum.ieee.org/video/robotics/drones/this-drone-uses-a-smartphone-for-a-brain}},
  note = {Accesado: 2016-03-3}
}

@misc{phonedrone,
  title = {Phone Drone – xCraft},
  howpublished = {[online] Disponible en: \url{http://xcraft.io/phone-drone/}},
  note = {Accesado: 2016-03-3}
}

@electronic{Rub1,
 author = {Rubino, Daniel},
 editor = {{Windows Phone Central}},
 title = {IE9 for Windows Phone 7: Adobe Flash, demos and development},
 url = {http://www.wpcentral.com/ie9-windows-phone-7-adobe-flash-demos-and-development-videos},
 urldate = {14.01.2013},
 originalyear = {18.02.2011}
}

@book{drone1879treatise,
  title={A Treatise on the Law of Property in Intellectual Productions in Great Britain and the United States: Embracing Copyright in Works of Literature and Art, and Playright in Dramatic and Musical Compositions},
  author={Drone, Eaton Sylvester},
  year={1879},
  publisher={Little, Brown}
}

