Automatically generated by Mendeley Desktop 1.17.9
Any changes to this file will be lost if it is regenerated by Mendeley.

BibTeX export options can be customized via Options -> BibTeX in Mendeley Desktop

@misc{Ardupilot2016,
author = {{ArduPilot Dev Team}},
title = {{Copter - Flight Modes}},
url = {http://ardupilot.org/copter/docs/flight-modes.html},
urldate = {2017-06-06},
year = {2016}
}
